@inbook{angem,
	author="Канатников А. Н., Крищенко А. П.",
	title="А. Н. Ка-натников, А. П. Крищенко ; под ред. B. C. Зарубина, А. П. Крищенко.",
	publisher="-- Москва : Издательство МГТУ им. Н. Э. Баумана",
	volume=374,
	chapter = 9,
	pages="845--848",
	language="russian",
	year=2019
}

@Article{winograd-origin,
	author  = {Don Coppersmith and Shmuel Winograd},
	journal = {Journal of Symbolic Computation},
	title   = {Matrix Multiplication via Arithmetic Progressions},
	year    = {1990},
}

@misc{insert,
	title="Insertion sort. [Электронный ресурс]",
	howpublished="Режим доступа: \url{https://www.khanacademy.org/computing/computer-science/algorithms/insertion-sort/a/insertion-sort} (дата обращения: 30.09.2021)"
}

@misc{python3,
	title="Python. [Электронный ресурс]",
	howpublished="Режим доступа: \url{https://docs.python.org/3/} (дата обращения: 27.09.2021)"
}

@misc{vs,
	title="Documentation for Visual Studio Code. [Электронный ресурс]",
	howpublished="Режим доступа: \url{https://code.visualstudio.com/docs} (дата обращения: 27.09.2021)"
}

@misc{time,
	title="time — Time access and conversions — Python 3.9.7 documentation. [Электронный ресурс]",
	howpublished="Режим доступа: \url{https://docs.python.org/3/library/time.html} (дата обращения: 27.09.2021)"
}

