@misc{book1,
	title="КОМПЬЮТЕРНАЯ ЛИНГВИСТИКА Большая российская энциклопедия - электронная версия [Электронный ресурс]",
	howpublished="Режим доступа: \url{https://bigenc.ru/linguistics/text/2087783} (дата обращения: 20.09.2021)"
}

@inbook{
	Levenshtein,
	author="В. И. Левенштейн",
	title="Двоичные коды с исправлением выпадений, вставок и замещений символов",
	publisher="-- М.: Доклады АН СССР",
	volume=163,
	chapter=4,
	pages="845--848",
	language="russian",
	year=1965
}

@inbook{Damerau_Levenshtein,
	author = {Damerau J. Fred},
	title = {A technique for computer detection and correction of spelling errors.},
	journal = {Communications of the ACM},
	volume = {7},
	number = {3},
	year = {1964},
	pages = {171-–176},
	doi = {10.1145/363958.363994, S2CID 7713345},
}

@misc{python3,
	title="Python. [Электронный ресурс]",
	howpublished="Режим доступа: \url{https://docs.python.org/3/} (дата обращения: 21.09.2021)"
}

@misc{vs,
	title="Documentation for Visual Studio Code. [Электронный ресурс]",
	howpublished="Режим доступа: \url{https://code.visualstudio.com/docs} (дата обращения: 21.09.2021)"
}

@misc{time,
	title="time — Time access and conversions — Python 3.9.7 documentation. [Электронный ресурс]",
	howpublished="Режим доступа: \url{https://docs.python.org/3/library/time.html} (дата обращения: 22.09.2021)"
}

@misc{cprofile,
	title="The Python Profilers — Python 3.9.7 documentation. [Электронный ресурс]",
	howpublished="Режим доступа: \url{https://docs.python.org/3/library/profile.html} (дата обращения: 22.09.2021)"
}